<?xml version="1.0" encoding="UTF-8"?>
<record>
  <leader>01012nam#a22002652cb4500</leader>
  <controlfield tag="005">20210408013416.0</controlfield>
  <controlfield tag="007">tu</controlfield>
  <controlfield tag="008">930930|1992####xx############1||#|#eng#c</controlfield>
  <controlfield tag="003">DE-605</controlfield>
  <controlfield tag="001">990065341720206441</controlfield>
  <datafield tag="016" ind1="7" ind2=" ">
    <subfield code="a">1070400832</subfield>
    <subfield code="2">OCoLC</subfield>
  </datafield>
  <datafield tag="035" ind1=" " ind2=" ">
    <subfield code="a">(DE-605)HT004764408</subfield>
  </datafield>
  <datafield tag="040" ind1=" " ind2=" ">
    <subfield code="c">DE-605</subfield>
    <subfield code="a">61</subfield>
    <subfield code="b">ger</subfield>
    <subfield code="d">6</subfield>
    <subfield code="e">rakwb</subfield>
  </datafield>
  <datafield tag="041" ind1=" " ind2=" ">
    <subfield code="a">eng</subfield>
  </datafield>
  <datafield tag="245" ind1="0" ind2="0">
    <subfield code="a">&lt;&lt;The&gt;&gt; threatened world of fish</subfield>
    <subfield code="b">proceedings of the Seventh International Ichthyology Congress ; The Hague (The Netherlands), August 26 - 30, 1991</subfield>
    <subfield code="c">guest ed.: Jan W. M Osse ...</subfield>
  </datafield>
  <datafield tag="264" ind1=" " ind2="1">
    <subfield code="a">Baarn</subfield>
    <subfield code="b">Escher</subfield>
    <subfield code="c">1992</subfield>
  </datafield>
  <datafield tag="300" ind1=" " ind2=" ">
    <subfield code="a">S. [129] - 524 : Ill., graph. Darst, Kt.</subfield>
  </datafield>
  <datafield tag="490" ind1="1" ind2=" ">
    <subfield code="a">Netherlands journal of zoology</subfield>
    <subfield code="v">42,2/3</subfield>
  </datafield>
  <datafield tag="035" ind1=" " ind2=" ">
    <subfield code="a">(OCoLC)1070400832</subfield>
  </datafield>
  <datafield tag="964" ind1="0" ind2="s">
    <subfield code="F">030</subfield>
    <subfield code="A">h|1uc||||||37</subfield>
  </datafield>
  <datafield tag="964" ind1="0" ind2="s">
    <subfield code="F">050</subfield>
    <subfield code="A">a|||||||||||||</subfield>
  </datafield>
  <datafield tag="964" ind1="0" ind2="s">
    <subfield code="F">051</subfield>
    <subfield code="A">sk||||||</subfield>
  </datafield>
  <datafield tag="830" ind1=" " ind2="0">
    <subfield code="a">Netherlands journal of zoology</subfield>
    <subfield code="w">(DE-600)208844-7</subfield>
    <subfield code="v">42,2,3</subfield>
    <subfield code="9">O:1</subfield>
  </datafield>
  <datafield tag="700" ind1="1" ind2=" ">
    <subfield code="a">Osse, Jan W. M.</subfield>
    <subfield code="d">1935-</subfield>
    <subfield code="0">(DE-588)123667445</subfield>
    <subfield code="4">edt</subfield>
    <subfield code="0">https://portal.dnb.de/opac.htm?method=simpleSearch&amp;cqlMode=true&amp;query=idn=123667445</subfield>
    <subfield code="0">http://viaf.org/viaf/sourceID/DNB|123667445</subfield>
    <subfield code="B">GND-123667445</subfield>
  </datafield>
  <datafield tag="711" ind1="2" ind2=" ">
    <subfield code="a">International Ichthyology Congress</subfield>
    <subfield code="n">7</subfield>
    <subfield code="d">1991</subfield>
    <subfield code="c">Den Haag</subfield>
    <subfield code="0">(DE-588)1230482-7</subfield>
    <subfield code="4">oth</subfield>
    <subfield code="0">https://portal.dnb.de/opac.htm?method=simpleSearch&amp;cqlMode=true&amp;query=idn=943902924</subfield>
    <subfield code="0">http://viaf.org/viaf/sourceID/DNB|943902924</subfield>
    <subfield code="B">GND-943902924</subfield>
  </datafield>
  <datafield tag="035" ind1=" " ind2=" ">
    <subfield code="a">(DE-599)HBZHT004764408</subfield>
  </datafield>
  <datafield tag="MBD" ind1=" " ind2=" ">
    <subfield code="M">49HBZ_NETWORK</subfield>
    <subfield code="i">990065341720206441</subfield>
    <subfield code="n">HBZ Network</subfield>
  </datafield>
  <datafield tag="MBD" ind1=" " ind2=" ">
    <subfield code="M">49HBZ_ULM</subfield>
    <subfield code="i">991034337609706449</subfield>
    <subfield code="n">Universität Münster</subfield>
  </datafield>
  <datafield tag="MNG" ind1=" " ind2=" ">
    <subfield code="c">System</subfield>
    <subfield code="f">OTHER</subfield>
    <subfield code="i">marc21</subfield>
    <subfield code="k">01</subfield>
    <subfield code="e">false</subfield>
    <subfield code="d">2023-04-24 21:38:07 Europe/Berlin</subfield>
    <subfield code="g">006534172-HBZ01</subfield>
    <subfield code="j">60</subfield>
    <subfield code="a">import</subfield>
    <subfield code="b">2021-04-06 01:34:23 Europe/Berlin</subfield>
  </datafield>
  <datafield tag="H52" ind1="8" ind2=" ">
    <subfield code="b">ZB</subfield>
    <subfield code="c">ZB_FHM2</subfield>
    <subfield code="h">Z 7835-41_42</subfield>
    <subfield code="8">22553702170006449</subfield>
  </datafield>
  <datafield tag="HOL" ind1=" " ind2=" ">
    <subfield code="b">2022-07-11 11:05:24</subfield>
    <subfield code="8">22553702170006449</subfield>
    <subfield code="M">49HBZ_ULM</subfield>
    <subfield code="g">false</subfield>
    <subfield code="a">import</subfield>
  </datafield>
  <datafield tag="ITM" ind1=" " ind2=" ">
    <subfield code="H">22553702170006449</subfield>
    <subfield code="x">ZB_FHM2</subfield>
    <subfield code="f">BOOK</subfield>
    <subfield code="v">ZB_FHM2</subfield>
    <subfield code="X">AMO_TL2_FIX</subfield>
    <subfield code="U">2022-07-10 12:59:00 Europe/Berlin</subfield>
    <subfield code="Y">2022-07-12 13:10:54 Europe/Berlin</subfield>
    <subfield code="h">false</subfield>
    <subfield code="Q">SISIS-Ausleihzähler Migrationsjahr: 0 | SISIS-Ausleihzähler Vor-Migrationsjahr: 0 | SISIS-Ausleihzähler vorletztes Migrationsjahr: 0</subfield>
    <subfield code="M">49HBZ_ULM</subfield>
    <subfield code="s">1</subfield>
    <subfield code="d">8</subfield>
    <subfield code="V">import</subfield>
    <subfield code="b">Z 7835-41_42</subfield>
    <subfield code="O">Fernleihkonditionen: 0</subfield>
    <subfield code="a">23553702130006449</subfield>
    <subfield code="R">DBS-Systematik: 0</subfield>
    <subfield code="c">Z 7835-41_42</subfield>
    <subfield code="W">2022-07-11 13:05:24 Europe/Berlin</subfield>
    <subfield code="u">ZB</subfield>
    <subfield code="w">ZB</subfield>
  </datafield>
  <datafield tag="GSI" ind1="7" ind2=" ">
    <subfield code="a">http://d-nb.info/gnd/123667445</subfield>
    <subfield code="2">uri</subfield>
    <subfield code="A">GND</subfield>
    <subfield code="B">GND-123667445</subfield>
    <subfield code="C">024</subfield>
  </datafield>
  <datafield tag="GKS" ind1="2" ind2=" ">
    <subfield code="a">Congressus Europaeus Ichthyologorum</subfield>
    <subfield code="n">7</subfield>
    <subfield code="d">1991</subfield>
    <subfield code="c">Den Haag</subfield>
    <subfield code="A">GND</subfield>
    <subfield code="B">GND-943902924</subfield>
    <subfield code="C">411</subfield>
  </datafield>
  <datafield tag="GKS" ind1="2" ind2=" ">
    <subfield code="a">CEI</subfield>
    <subfield code="n">7</subfield>
    <subfield code="d">1991</subfield>
    <subfield code="c">Den Haag</subfield>
    <subfield code="A">GND</subfield>
    <subfield code="B">GND-943902924</subfield>
    <subfield code="C">411</subfield>
  </datafield>
  <datafield tag="GSI" ind1="7" ind2=" ">
    <subfield code="a">http://d-nb.info/gnd/1230482-7</subfield>
    <subfield code="2">uri</subfield>
    <subfield code="A">GND</subfield>
    <subfield code="B">GND-943902924</subfield>
    <subfield code="C">024</subfield>
  </datafield>
</record>
